<?xml version="1.0" encoding="UTF-8"?>
<Document xmlns="urn:iso:std:iso:20022:tech:xsd:pain.001.001.09">
  <CstmrCdtTrfInitn>
    <GrpHdr>
      <MsgId>FHEVM-MAR-2026-050</MsgId>
      <CreDtTm>2026-03-31T09:00:00Z</CreDtTm>
      <NbOfTxs>50</NbOfTxs>
      <CtrlSum>668500.00</CtrlSum>
      <InitgPty>
        <Nm>FHEVM GMBH</Nm>
      </InitgPty>
    </GrpHdr>
    <PmtInf>
      <PmtInfId>FHEVM-MAR-2026-050-P1</PmtInfId>
      <PmtMtd>TRF</PmtMtd>
      <ReqdExctnDt>2026-03-31</ReqdExctnDt>
      <Dbtr>
        <Nm>FHEVM GMBH</Nm>
      </Dbtr>
      <DbtrAcct>
        <Id>
          <IBAN>DEMO_COMPANY_IBAN</IBAN>
        </Id>
      </DbtrAcct>
      <DbtrAgt>
        <FinInstnId>
          <BICFI>DEMOUS33XXX</BICFI>
        </FinInstnId>
      </DbtrAgt>
      <ChrgBr>SLEV</ChrgBr>
      <CdtTrfTxInf>
        <PmtId>
          <EndToEndId>FHE-EMP-001</EndToEndId>
        </PmtId>
        <Amt>
          <InstdAmt Ccy="USD">7000.00</InstdAmt>
        </Amt>
        <Cdtr>
          <Nm>Employee 001 (CEO)</Nm>
        </Cdtr>
        <CdtrAcct>
          <Id>
            <Othr>
              <Id>0x08f8EaeC894Fdb6F2e6D8526dB2bf543DAcc9a41</Id>
            </Othr>
          </Id>
        </CdtrAcct>
      </CdtTrfTxInf>
      <CdtTrfTxInf>
        <PmtId>
          <EndToEndId>FHE-EMP-002</EndToEndId>
        </PmtId>
        <Amt>
          <InstdAmt Ccy="USD">7260.00</InstdAmt>
        </Amt>
        <Cdtr>
          <Nm>Employee 002 (CTO)</Nm>
        </Cdtr>
        <CdtrAcct>
          <Id>
            <Othr>
              <Id>0x134B68ff311DC9e0c7108F3aE690B913dC03dD5B</Id>
            </Othr>
          </Id>
        </CdtrAcct>
      </CdtTrfTxInf>
      <CdtTrfTxInf>
        <PmtId>
          <EndToEndId>FHE-EMP-003</EndToEndId>
        </PmtId>
        <Amt>
          <InstdAmt Ccy="USD">7520.00</InstdAmt>
        </Amt>
        <Cdtr>
          <Nm>Employee 003 (Engineering Manager)</Nm>
        </Cdtr>
        <CdtrAcct>
          <Id>
            <Othr>
              <Id>0xcDB2796aB24E3980Ef25344Ce331b932c03baBe3</Id>
            </Othr>
          </Id>
        </CdtrAcct>
      </CdtTrfTxInf>
      <CdtTrfTxInf>
        <PmtId>
          <EndToEndId>FHE-EMP-004</EndToEndId>
        </PmtId>
        <Amt>
          <InstdAmt Ccy="USD">7780.00</InstdAmt>
        </Amt>
        <Cdtr>
          <Nm>Employee 004 (Software Engineer)</Nm>
        </Cdtr>
        <CdtrAcct>
          <Id>
            <Othr>
              <Id>0x141A175B5F443a0D7057B13E50f1DaEC15223180</Id>
            </Othr>
          </Id>
        </CdtrAcct>
      </CdtTrfTxInf>
      <CdtTrfTxInf>
        <PmtId>
          <EndToEndId>FHE-EMP-005</EndToEndId>
        </PmtId>
        <Amt>
          <InstdAmt Ccy="USD">8040.00</InstdAmt>
        </Amt>
        <Cdtr>
          <Nm>Employee 005 (Software Engineer)</Nm>
        </Cdtr>
        <CdtrAcct>
          <Id>
            <Othr>
              <Id>0x63e1Ed4075AfDB5c9B59b4Fa2A242bBF99543C5B</Id>
            </Othr>
          </Id>
        </CdtrAcct>
      </CdtTrfTxInf>
      <CdtTrfTxInf>
        <PmtId>
          <EndToEndId>FHE-EMP-006</EndToEndId>
        </PmtId>
        <Amt>
          <InstdAmt Ccy="USD">8300.00</InstdAmt>
        </Amt>
        <Cdtr>
          <Nm>Employee 006 (Software Engineer)</Nm>
        </Cdtr>
        <CdtrAcct>
          <Id>
            <Othr>
              <Id>0x0000000000000000000000000000000000002716</Id>
            </Othr>
          </Id>
        </CdtrAcct>
      </CdtTrfTxInf>
      <CdtTrfTxInf>
        <PmtId>
          <EndToEndId>FHE-EMP-007</EndToEndId>
        </PmtId>
        <Amt>
          <InstdAmt Ccy="USD">8560.00</InstdAmt>
        </Amt>
        <Cdtr>
          <Nm>Employee 007 (Software Engineer)</Nm>
        </Cdtr>
        <CdtrAcct>
          <Id>
            <Othr>
              <Id>0x0000000000000000000000000000000000002717</Id>
            </Othr>
          </Id>
        </CdtrAcct>
      </CdtTrfTxInf>
      <CdtTrfTxInf>
        <PmtId>
          <EndToEndId>FHE-EMP-008</EndToEndId>
        </PmtId>
        <Amt>
          <InstdAmt Ccy="USD">8820.00</InstdAmt>
        </Amt>
        <Cdtr>
          <Nm>Employee 008 (Software Engineer)</Nm>
        </Cdtr>
        <CdtrAcct>
          <Id>
            <Othr>
              <Id>0x0000000000000000000000000000000000002718</Id>
            </Othr>
          </Id>
        </CdtrAcct>
      </CdtTrfTxInf>
      <CdtTrfTxInf>
        <PmtId>
          <EndToEndId>FHE-EMP-009</EndToEndId>
        </PmtId>
        <Amt>
          <InstdAmt Ccy="USD">9080.00</InstdAmt>
        </Amt>
        <Cdtr>
          <Nm>Employee 009 (Software Engineer)</Nm>
        </Cdtr>
        <CdtrAcct>
          <Id>
            <Othr>
              <Id>0x0000000000000000000000000000000000002719</Id>
            </Othr>
          </Id>
        </CdtrAcct>
      </CdtTrfTxInf>
      <CdtTrfTxInf>
        <PmtId>
          <EndToEndId>FHE-EMP-010</EndToEndId>
        </PmtId>
        <Amt>
          <InstdAmt Ccy="USD">9340.00</InstdAmt>
        </Amt>
        <Cdtr>
          <Nm>Employee 010 (Software Engineer)</Nm>
        </Cdtr>
        <CdtrAcct>
          <Id>
            <Othr>
              <Id>0x000000000000000000000000000000000000271a</Id>
            </Othr>
          </Id>
        </CdtrAcct>
      </CdtTrfTxInf>
      <CdtTrfTxInf>
        <PmtId>
          <EndToEndId>FHE-EMP-011</EndToEndId>
        </PmtId>
        <Amt>
          <InstdAmt Ccy="USD">9600.00</InstdAmt>
        </Amt>
        <Cdtr>
          <Nm>Employee 011 (Software Engineer)</Nm>
        </Cdtr>
        <CdtrAcct>
          <Id>
            <Othr>
              <Id>0x000000000000000000000000000000000000271b</Id>
            </Othr>
          </Id>
        </CdtrAcct>
      </CdtTrfTxInf>
      <CdtTrfTxInf>
        <PmtId>
          <EndToEndId>FHE-EMP-012</EndToEndId>
        </PmtId>
        <Amt>
          <InstdAmt Ccy="USD">9860.00</InstdAmt>
        </Amt>
        <Cdtr>
          <Nm>Employee 012 (Software Engineer)</Nm>
        </Cdtr>
        <CdtrAcct>
          <Id>
            <Othr>
              <Id>0x000000000000000000000000000000000000271c</Id>
            </Othr>
          </Id>
        </CdtrAcct>
      </CdtTrfTxInf>
      <CdtTrfTxInf>
        <PmtId>
          <EndToEndId>FHE-EMP-013</EndToEndId>
        </PmtId>
        <Amt>
          <InstdAmt Ccy="USD">10120.00</InstdAmt>
        </Amt>
        <Cdtr>
          <Nm>Employee 013 (Software Engineer)</Nm>
        </Cdtr>
        <CdtrAcct>
          <Id>
            <Othr>
              <Id>0x000000000000000000000000000000000000271d</Id>
            </Othr>
          </Id>
        </CdtrAcct>
      </CdtTrfTxInf>
      <CdtTrfTxInf>
        <PmtId>
          <EndToEndId>FHE-EMP-014</EndToEndId>
        </PmtId>
        <Amt>
          <InstdAmt Ccy="USD">10380.00</InstdAmt>
        </Amt>
        <Cdtr>
          <Nm>Employee 014 (Software Engineer)</Nm>
        </Cdtr>
        <CdtrAcct>
          <Id>
            <Othr>
              <Id>0x000000000000000000000000000000000000271e</Id>
            </Othr>
          </Id>
        </CdtrAcct>
      </CdtTrfTxInf>
      <CdtTrfTxInf>
        <PmtId>
          <EndToEndId>FHE-EMP-015</EndToEndId>
        </PmtId>
        <Amt>
          <InstdAmt Ccy="USD">10640.00</InstdAmt>
        </Amt>
        <Cdtr>
          <Nm>Employee 015 (Software Engineer)</Nm>
        </Cdtr>
        <CdtrAcct>
          <Id>
            <Othr>
              <Id>0x000000000000000000000000000000000000271f</Id>
            </Othr>
          </Id>
        </CdtrAcct>
      </CdtTrfTxInf>
      <CdtTrfTxInf>
        <PmtId>
          <EndToEndId>FHE-EMP-016</EndToEndId>
        </PmtId>
        <Amt>
          <InstdAmt Ccy="USD">10900.00</InstdAmt>
        </Amt>
        <Cdtr>
          <Nm>Employee 016 (Software Engineer)</Nm>
        </Cdtr>
        <CdtrAcct>
          <Id>
            <Othr>
              <Id>0x0000000000000000000000000000000000002720</Id>
            </Othr>
          </Id>
        </CdtrAcct>
      </CdtTrfTxInf>
      <CdtTrfTxInf>
        <PmtId>
          <EndToEndId>FHE-EMP-017</EndToEndId>
        </PmtId>
        <Amt>
          <InstdAmt Ccy="USD">11160.00</InstdAmt>
        </Amt>
        <Cdtr>
          <Nm>Employee 017 (Software Engineer)</Nm>
        </Cdtr>
        <CdtrAcct>
          <Id>
            <Othr>
              <Id>0x0000000000000000000000000000000000002721</Id>
            </Othr>
          </Id>
        </CdtrAcct>
      </CdtTrfTxInf>
      <CdtTrfTxInf>
        <PmtId>
          <EndToEndId>FHE-EMP-018</EndToEndId>
        </PmtId>
        <Amt>
          <InstdAmt Ccy="USD">11420.00</InstdAmt>
        </Amt>
        <Cdtr>
          <Nm>Employee 018 (Software Engineer)</Nm>
        </Cdtr>
        <CdtrAcct>
          <Id>
            <Othr>
              <Id>0x0000000000000000000000000000000000002722</Id>
            </Othr>
          </Id>
        </CdtrAcct>
      </CdtTrfTxInf>
      <CdtTrfTxInf>
        <PmtId>
          <EndToEndId>FHE-EMP-019</EndToEndId>
        </PmtId>
        <Amt>
          <InstdAmt Ccy="USD">11680.00</InstdAmt>
        </Amt>
        <Cdtr>
          <Nm>Employee 019 (Software Engineer)</Nm>
        </Cdtr>
        <CdtrAcct>
          <Id>
            <Othr>
              <Id>0x0000000000000000000000000000000000002723</Id>
            </Othr>
          </Id>
        </CdtrAcct>
      </CdtTrfTxInf>
      <CdtTrfTxInf>
        <PmtId>
          <EndToEndId>FHE-EMP-020</EndToEndId>
        </PmtId>
        <Amt>
          <InstdAmt Ccy="USD">11940.00</InstdAmt>
        </Amt>
        <Cdtr>
          <Nm>Employee 020 (Software Engineer)</Nm>
        </Cdtr>
        <CdtrAcct>
          <Id>
            <Othr>
              <Id>0x0000000000000000000000000000000000002724</Id>
            </Othr>
          </Id>
        </CdtrAcct>
      </CdtTrfTxInf>
      <CdtTrfTxInf>
        <PmtId>
          <EndToEndId>FHE-EMP-021</EndToEndId>
        </PmtId>
        <Amt>
          <InstdAmt Ccy="USD">12200.00</InstdAmt>
        </Amt>
        <Cdtr>
          <Nm>Employee 021 (Software Engineer)</Nm>
        </Cdtr>
        <CdtrAcct>
          <Id>
            <Othr>
              <Id>0x0000000000000000000000000000000000002725</Id>
            </Othr>
          </Id>
        </CdtrAcct>
      </CdtTrfTxInf>
      <CdtTrfTxInf>
        <PmtId>
          <EndToEndId>FHE-EMP-022</EndToEndId>
        </PmtId>
        <Amt>
          <InstdAmt Ccy="USD">12460.00</InstdAmt>
        </Amt>
        <Cdtr>
          <Nm>Employee 022 (Software Engineer)</Nm>
        </Cdtr>
        <CdtrAcct>
          <Id>
            <Othr>
              <Id>0x0000000000000000000000000000000000002726</Id>
            </Othr>
          </Id>
        </CdtrAcct>
      </CdtTrfTxInf>
      <CdtTrfTxInf>
        <PmtId>
          <EndToEndId>FHE-EMP-023</EndToEndId>
        </PmtId>
        <Amt>
          <InstdAmt Ccy="USD">12720.00</InstdAmt>
        </Amt>
        <Cdtr>
          <Nm>Employee 023 (Software Engineer)</Nm>
        </Cdtr>
        <CdtrAcct>
          <Id>
            <Othr>
              <Id>0x0000000000000000000000000000000000002727</Id>
            </Othr>
          </Id>
        </CdtrAcct>
      </CdtTrfTxInf>
      <CdtTrfTxInf>
        <PmtId>
          <EndToEndId>FHE-EMP-024</EndToEndId>
        </PmtId>
        <Amt>
          <InstdAmt Ccy="USD">12980.00</InstdAmt>
        </Amt>
        <Cdtr>
          <Nm>Employee 024 (Software Engineer)</Nm>
        </Cdtr>
        <CdtrAcct>
          <Id>
            <Othr>
              <Id>0x0000000000000000000000000000000000002728</Id>
            </Othr>
          </Id>
        </CdtrAcct>
      </CdtTrfTxInf>
      <CdtTrfTxInf>
        <PmtId>
          <EndToEndId>FHE-EMP-025</EndToEndId>
        </PmtId>
        <Amt>
          <InstdAmt Ccy="USD">13240.00</InstdAmt>
        </Amt>
        <Cdtr>
          <Nm>Employee 025 (Software Engineer)</Nm>
        </Cdtr>
        <CdtrAcct>
          <Id>
            <Othr>
              <Id>0x0000000000000000000000000000000000002729</Id>
            </Othr>
          </Id>
        </CdtrAcct>
      </CdtTrfTxInf>
      <CdtTrfTxInf>
        <PmtId>
          <EndToEndId>FHE-EMP-026</EndToEndId>
        </PmtId>
        <Amt>
          <InstdAmt Ccy="USD">13500.00</InstdAmt>
        </Amt>
        <Cdtr>
          <Nm>Employee 026 (Software Engineer)</Nm>
        </Cdtr>
        <CdtrAcct>
          <Id>
            <Othr>
              <Id>0x000000000000000000000000000000000000272a</Id>
            </Othr>
          </Id>
        </CdtrAcct>
      </CdtTrfTxInf>
      <CdtTrfTxInf>
        <PmtId>
          <EndToEndId>FHE-EMP-027</EndToEndId>
        </PmtId>
        <Amt>
          <InstdAmt Ccy="USD">13760.00</InstdAmt>
        </Amt>
        <Cdtr>
          <Nm>Employee 027 (Software Engineer)</Nm>
        </Cdtr>
        <CdtrAcct>
          <Id>
            <Othr>
              <Id>0x000000000000000000000000000000000000272b</Id>
            </Othr>
          </Id>
        </CdtrAcct>
      </CdtTrfTxInf>
      <CdtTrfTxInf>
        <PmtId>
          <EndToEndId>FHE-EMP-028</EndToEndId>
        </PmtId>
        <Amt>
          <InstdAmt Ccy="USD">14020.00</InstdAmt>
        </Amt>
        <Cdtr>
          <Nm>Employee 028 (Software Engineer)</Nm>
        </Cdtr>
        <CdtrAcct>
          <Id>
            <Othr>
              <Id>0x000000000000000000000000000000000000272c</Id>
            </Othr>
          </Id>
        </CdtrAcct>
      </CdtTrfTxInf>
      <CdtTrfTxInf>
        <PmtId>
          <EndToEndId>FHE-EMP-029</EndToEndId>
        </PmtId>
        <Amt>
          <InstdAmt Ccy="USD">14280.00</InstdAmt>
        </Amt>
        <Cdtr>
          <Nm>Employee 029 (Software Engineer)</Nm>
        </Cdtr>
        <CdtrAcct>
          <Id>
            <Othr>
              <Id>0x000000000000000000000000000000000000272d</Id>
            </Othr>
          </Id>
        </CdtrAcct>
      </CdtTrfTxInf>
      <CdtTrfTxInf>
        <PmtId>
          <EndToEndId>FHE-EMP-030</EndToEndId>
        </PmtId>
        <Amt>
          <InstdAmt Ccy="USD">14540.00</InstdAmt>
        </Amt>
        <Cdtr>
          <Nm>Employee 030 (Software Engineer)</Nm>
        </Cdtr>
        <CdtrAcct>
          <Id>
            <Othr>
              <Id>0x000000000000000000000000000000000000272e</Id>
            </Othr>
          </Id>
        </CdtrAcct>
      </CdtTrfTxInf>
      <CdtTrfTxInf>
        <PmtId>
          <EndToEndId>FHE-EMP-031</EndToEndId>
        </PmtId>
        <Amt>
          <InstdAmt Ccy="USD">14800.00</InstdAmt>
        </Amt>
        <Cdtr>
          <Nm>Employee 031 (Software Engineer)</Nm>
        </Cdtr>
        <CdtrAcct>
          <Id>
            <Othr>
              <Id>0x000000000000000000000000000000000000272f</Id>
            </Othr>
          </Id>
        </CdtrAcct>
      </CdtTrfTxInf>
      <CdtTrfTxInf>
        <PmtId>
          <EndToEndId>FHE-EMP-032</EndToEndId>
        </PmtId>
        <Amt>
          <InstdAmt Ccy="USD">15060.00</InstdAmt>
        </Amt>
        <Cdtr>
          <Nm>Employee 032 (Software Engineer)</Nm>
        </Cdtr>
        <CdtrAcct>
          <Id>
            <Othr>
              <Id>0x0000000000000000000000000000000000002730</Id>
            </Othr>
          </Id>
        </CdtrAcct>
      </CdtTrfTxInf>
      <CdtTrfTxInf>
        <PmtId>
          <EndToEndId>FHE-EMP-033</EndToEndId>
        </PmtId>
        <Amt>
          <InstdAmt Ccy="USD">15320.00</InstdAmt>
        </Amt>
        <Cdtr>
          <Nm>Employee 033 (Software Engineer)</Nm>
        </Cdtr>
        <CdtrAcct>
          <Id>
            <Othr>
              <Id>0x0000000000000000000000000000000000002731</Id>
            </Othr>
          </Id>
        </CdtrAcct>
      </CdtTrfTxInf>
      <CdtTrfTxInf>
        <PmtId>
          <EndToEndId>FHE-EMP-034</EndToEndId>
        </PmtId>
        <Amt>
          <InstdAmt Ccy="USD">15580.00</InstdAmt>
        </Amt>
        <Cdtr>
          <Nm>Employee 034 (Software Engineer)</Nm>
        </Cdtr>
        <CdtrAcct>
          <Id>
            <Othr>
              <Id>0x0000000000000000000000000000000000002732</Id>
            </Othr>
          </Id>
        </CdtrAcct>
      </CdtTrfTxInf>
      <CdtTrfTxInf>
        <PmtId>
          <EndToEndId>FHE-EMP-035</EndToEndId>
        </PmtId>
        <Amt>
          <InstdAmt Ccy="USD">15840.00</InstdAmt>
        </Amt>
        <Cdtr>
          <Nm>Employee 035 (Software Engineer)</Nm>
        </Cdtr>
        <CdtrAcct>
          <Id>
            <Othr>
              <Id>0x0000000000000000000000000000000000002733</Id>
            </Othr>
          </Id>
        </CdtrAcct>
      </CdtTrfTxInf>
      <CdtTrfTxInf>
        <PmtId>
          <EndToEndId>FHE-EMP-036</EndToEndId>
        </PmtId>
        <Amt>
          <InstdAmt Ccy="USD">16100.00</InstdAmt>
        </Amt>
        <Cdtr>
          <Nm>Employee 036 (Software Engineer)</Nm>
        </Cdtr>
        <CdtrAcct>
          <Id>
            <Othr>
              <Id>0x0000000000000000000000000000000000002734</Id>
            </Othr>
          </Id>
        </CdtrAcct>
      </CdtTrfTxInf>
      <CdtTrfTxInf>
        <PmtId>
          <EndToEndId>FHE-EMP-037</EndToEndId>
        </PmtId>
        <Amt>
          <InstdAmt Ccy="USD">16360.00</InstdAmt>
        </Amt>
        <Cdtr>
          <Nm>Employee 037 (Software Engineer)</Nm>
        </Cdtr>
        <CdtrAcct>
          <Id>
            <Othr>
              <Id>0x0000000000000000000000000000000000002735</Id>
            </Othr>
          </Id>
        </CdtrAcct>
      </CdtTrfTxInf>
      <CdtTrfTxInf>
        <PmtId>
          <EndToEndId>FHE-EMP-038</EndToEndId>
        </PmtId>
        <Amt>
          <InstdAmt Ccy="USD">16620.00</InstdAmt>
        </Amt>
        <Cdtr>
          <Nm>Employee 038 (Software Engineer)</Nm>
        </Cdtr>
        <CdtrAcct>
          <Id>
            <Othr>
              <Id>0x0000000000000000000000000000000000002736</Id>
            </Othr>
          </Id>
        </CdtrAcct>
      </CdtTrfTxInf>
      <CdtTrfTxInf>
        <PmtId>
          <EndToEndId>FHE-EMP-039</EndToEndId>
        </PmtId>
        <Amt>
          <InstdAmt Ccy="USD">16880.00</InstdAmt>
        </Amt>
        <Cdtr>
          <Nm>Employee 039 (Software Engineer)</Nm>
        </Cdtr>
        <CdtrAcct>
          <Id>
            <Othr>
              <Id>0x0000000000000000000000000000000000002737</Id>
            </Othr>
          </Id>
        </CdtrAcct>
      </CdtTrfTxInf>
      <CdtTrfTxInf>
        <PmtId>
          <EndToEndId>FHE-EMP-040</EndToEndId>
        </PmtId>
        <Amt>
          <InstdAmt Ccy="USD">17140.00</InstdAmt>
        </Amt>
        <Cdtr>
          <Nm>Employee 040 (Software Engineer)</Nm>
        </Cdtr>
        <CdtrAcct>
          <Id>
            <Othr>
              <Id>0x0000000000000000000000000000000000002738</Id>
            </Othr>
          </Id>
        </CdtrAcct>
      </CdtTrfTxInf>
      <CdtTrfTxInf>
        <PmtId>
          <EndToEndId>FHE-EMP-041</EndToEndId>
        </PmtId>
        <Amt>
          <InstdAmt Ccy="USD">17400.00</InstdAmt>
        </Amt>
        <Cdtr>
          <Nm>Employee 041 (Software Engineer)</Nm>
        </Cdtr>
        <CdtrAcct>
          <Id>
            <Othr>
              <Id>0x0000000000000000000000000000000000002739</Id>
            </Othr>
          </Id>
        </CdtrAcct>
      </CdtTrfTxInf>
      <CdtTrfTxInf>
        <PmtId>
          <EndToEndId>FHE-EMP-042</EndToEndId>
        </PmtId>
        <Amt>
          <InstdAmt Ccy="USD">17660.00</InstdAmt>
        </Amt>
        <Cdtr>
          <Nm>Employee 042 (Software Engineer)</Nm>
        </Cdtr>
        <CdtrAcct>
          <Id>
            <Othr>
              <Id>0x000000000000000000000000000000000000273a</Id>
            </Othr>
          </Id>
        </CdtrAcct>
      </CdtTrfTxInf>
      <CdtTrfTxInf>
        <PmtId>
          <EndToEndId>FHE-EMP-043</EndToEndId>
        </PmtId>
        <Amt>
          <InstdAmt Ccy="USD">17920.00</InstdAmt>
        </Amt>
        <Cdtr>
          <Nm>Employee 043 (Software Engineer)</Nm>
        </Cdtr>
        <CdtrAcct>
          <Id>
            <Othr>
              <Id>0x000000000000000000000000000000000000273b</Id>
            </Othr>
          </Id>
        </CdtrAcct>
      </CdtTrfTxInf>
      <CdtTrfTxInf>
        <PmtId>
          <EndToEndId>FHE-EMP-044</EndToEndId>
        </PmtId>
        <Amt>
          <InstdAmt Ccy="USD">18180.00</InstdAmt>
        </Amt>
        <Cdtr>
          <Nm>Employee 044 (Software Engineer)</Nm>
        </Cdtr>
        <CdtrAcct>
          <Id>
            <Othr>
              <Id>0x000000000000000000000000000000000000273c</Id>
            </Othr>
          </Id>
        </CdtrAcct>
      </CdtTrfTxInf>
      <CdtTrfTxInf>
        <PmtId>
          <EndToEndId>FHE-EMP-045</EndToEndId>
        </PmtId>
        <Amt>
          <InstdAmt Ccy="USD">18440.00</InstdAmt>
        </Amt>
        <Cdtr>
          <Nm>Employee 045 (Software Engineer)</Nm>
        </Cdtr>
        <CdtrAcct>
          <Id>
            <Othr>
              <Id>0x000000000000000000000000000000000000273d</Id>
            </Othr>
          </Id>
        </CdtrAcct>
      </CdtTrfTxInf>
      <CdtTrfTxInf>
        <PmtId>
          <EndToEndId>FHE-EMP-046</EndToEndId>
        </PmtId>
        <Amt>
          <InstdAmt Ccy="USD">18700.00</InstdAmt>
        </Amt>
        <Cdtr>
          <Nm>Employee 046 (Software Engineer)</Nm>
        </Cdtr>
        <CdtrAcct>
          <Id>
            <Othr>
              <Id>0x000000000000000000000000000000000000273e</Id>
            </Othr>
          </Id>
        </CdtrAcct>
      </CdtTrfTxInf>
      <CdtTrfTxInf>
        <PmtId>
          <EndToEndId>FHE-EMP-047</EndToEndId>
        </PmtId>
        <Amt>
          <InstdAmt Ccy="USD">18960.00</InstdAmt>
        </Amt>
        <Cdtr>
          <Nm>Employee 047 (Software Engineer)</Nm>
        </Cdtr>
        <CdtrAcct>
          <Id>
            <Othr>
              <Id>0x000000000000000000000000000000000000273f</Id>
            </Othr>
          </Id>
        </CdtrAcct>
      </CdtTrfTxInf>
      <CdtTrfTxInf>
        <PmtId>
          <EndToEndId>FHE-EMP-048</EndToEndId>
        </PmtId>
        <Amt>
          <InstdAmt Ccy="USD">19220.00</InstdAmt>
        </Amt>
        <Cdtr>
          <Nm>Employee 048 (Software Engineer)</Nm>
        </Cdtr>
        <CdtrAcct>
          <Id>
            <Othr>
              <Id>0x0000000000000000000000000000000000002740</Id>
            </Othr>
          </Id>
        </CdtrAcct>
      </CdtTrfTxInf>
      <CdtTrfTxInf>
        <PmtId>
          <EndToEndId>FHE-EMP-049</EndToEndId>
        </PmtId>
        <Amt>
          <InstdAmt Ccy="USD">19480.00</InstdAmt>
        </Amt>
        <Cdtr>
          <Nm>Employee 049 (Software Engineer)</Nm>
        </Cdtr>
        <CdtrAcct>
          <Id>
            <Othr>
              <Id>0x0000000000000000000000000000000000002741</Id>
            </Othr>
          </Id>
        </CdtrAcct>
      </CdtTrfTxInf>
      <CdtTrfTxInf>
        <PmtId>
          <EndToEndId>FHE-EMP-050</EndToEndId>
        </PmtId>
        <Amt>
          <InstdAmt Ccy="USD">19740.00</InstdAmt>
        </Amt>
        <Cdtr>
          <Nm>Employee 050 (Software Engineer)</Nm>
        </Cdtr>
        <CdtrAcct>
          <Id>
            <Othr>
              <Id>0x0000000000000000000000000000000000002742</Id>
            </Othr>
          </Id>
        </CdtrAcct>
      </CdtTrfTxInf>
    </PmtInf>
  </CstmrCdtTrfInitn>
</Document>
